@inproceedings{soto1999statistical,
  title={Statistical testing of random number generators},
  author={Soto, Juan},
  booktitle={Proceedings of the 22nd National Information Systems Security Conference},
  volume={10},
  number={99},
  pages={12},
  year={1999},
  organization={NIST Gaithersburg, MD}
}

@article{alani2010testing,
  title={Testing randomness in ciphertext of block-ciphers using DieHard tests},
  author={Alani, Mohammed M},
  journal={Int. J. Comput. Sci. Netw. Secur},
  volume={10},
  number={4},
  pages={53--57},
  year={2010}
}

@article{marsaglia1998diehard,
  title={DIEHARD Test suite},
  author={Marsaglia, Georges},
  journal={Online: http://www.stat.fsu.edu/pub/diehard},
  volume={8},
  number={01},
  pages={2014},
  year={1998}
}

@article{brown2013dieharder,
  title={Dieharder: A random number test suite},
  author={Brown, Robert G and Eddelbuettel, Dirk and Bauer, David},
  journal={Open Source software library, under development, URL http://www.phy.duke.edu/\~{}rgb/General/dieharder.php},
  year={2013}
}

@inproceedings{coron2005merkle,
  title={Merkle-Damg{\aa}rd revisited: How to construct a hash function},
  author={Coron, Jean-S{\'e}bastien and Dodis, Yevgeniy and Malinaud, C{\'e}cile and Puniya, Prashant},
  booktitle={Annual International Cryptology Conference},
  pages={430--448},
  year={2005},
  organization={Springer}
}

@techreport{eastlake2001us,
  title={US secure hash algorithm 1 (SHA1)},
  author={Eastlake 3rd, D and Jones, Paul},
  year={2001}
}
